<?xml version="1.0" encoding="UTF-8"?>
<record xmlns="http://www.loc.gov/MARC21/slim">
   <leader>01042cam a2200229 a 4500</leader>
   <controlfield tag="001">353438</controlfield>
   <controlfield tag="003">NjP</controlfield>
   <controlfield tag="005">20171011102836.0</controlfield>
   <controlfield tag="008">860313s1972    ir            00010 ara d</controlfield>
   <datafield tag="024" ind1="7" ind2=" ">
      <subfield code="a">princeton_aco003817</subfield>
      <subfield code="2">local</subfield>
   </datafield>
   <datafield ind1=" " ind2=" " tag="035">
      <subfield code="a">(OCoLC)82975911</subfield>
   </datafield>
   <datafield ind1=" " ind2=" " tag="035">
      <subfield code="a">(CStRLIN)NJPG86-B9734</subfield>
   </datafield>
   <datafield ind1=" " ind2=" " tag="035">
      <subfield code="9">ABS8812TS</subfield>
   </datafield>
   <datafield ind1=" " ind2=" " tag="040">
      <subfield code="a">NjP</subfield>
      <subfield code="c">NjP</subfield>
   </datafield>
   <datafield ind1="1" ind2=" " tag="100">
      <subfield code="a">Ṭabāṭabāʼī al-Yazdī, Muḥammad Kāẓim,</subfield>
      <subfield code="d">-1919.</subfield>
      <subfield code="0">http://id.loc.gov/authorities/names/n86099941</subfield>
   </datafield>
   <datafield ind1="1" ind2="4" tag="245">
      <subfield code="a">al-ʻUrwah al-wuthqá /</subfield>
      <subfield code="c">taʼlīf Muḥammad Kāẓim al-Ṭabāṭabāʼī al-Yazdī ; wa-alayhā taʻlīqāt li-ashhar marājiʻ al-ʻaṣr wa-zuʻamāʼ al-Shīʻah al-Imāmīyah.</subfield>
   </datafield>
   <datafield ind1=" " ind2=" " tag="250">
      <subfield code="a">al-Ṭabʻah 2.</subfield>
   </datafield>
   <datafield ind1=" " ind2=" " tag="260">
      <subfield code="a">Tihrān :</subfield>
      <subfield code="b">Dār al-Kutub al-Islāmīyah,</subfield>
      <subfield code="c">1392 [1972]</subfield>
   </datafield>
   <datafield ind1=" " ind2=" " tag="300">
      <subfield code="a">672 p. ;</subfield>
      <subfield code="c">29 cm.</subfield>
   </datafield>
   <datafield ind1=" " ind2="0" tag="650">
      <subfield code="a">Islam</subfield>
      <subfield code="x">Customs and practices.</subfield>
      <subfield code="0">http://id.loc.gov/authorities/subjects/sh87005732</subfield>
   </datafield>
   <datafield ind1=" " ind2="0" tag="650">
      <subfield code="a">Shīʻah.</subfield>
      <subfield code="0">http://id.loc.gov/authorities/subjects/sh85121390</subfield>
   </datafield>
   <datafield ind1=" " ind2=" " tag="998">
      <subfield code="a">06/04/91</subfield>
      <subfield code="s">9114</subfield>
      <subfield code="n">NjP</subfield>
      <subfield code="w">NJPG86B9734</subfield>
      <subfield code="d">03/13/86</subfield>
      <subfield code="c">KE</subfield>
      <subfield code="b">HW</subfield>
      <subfield code="i">910604</subfield>
      <subfield code="l">NJPG</subfield>
   </datafield>
   <datafield ind1=" " ind2=" " tag="911">
      <subfield code="a">19921028</subfield>
   </datafield>
   <datafield ind1=" " ind2=" " tag="912">
      <subfield code="a">19910604000000.0</subfield>
   </datafield>
   <datafield ind1="0" ind2="0" tag="852">
      <subfield code="0">386117</subfield>
      <subfield code="b">rcppa</subfield>
      <subfield code="t">1</subfield>
      <subfield code="h">BP174</subfield>
      <subfield code="i">.T32 1972</subfield>
      <subfield code="x">tr fr nec</subfield>
   </datafield>
   <datafield ind1=" " ind2=" " tag="959">
      <subfield code="a">2000-06-13 00:00:00 -0400</subfield>
   </datafield>
</record>
